<record><leader>00000cas a22000007a 4500</leader><controlfield tag="001">13590450</controlfield><controlfield tag="008">860520d183u1832pauwr ne      0    0eng d</controlfield><datafield ind1=" " ind2=" " tag="010"><subfield code="a">sn 86053395 </subfield></datafield><datafield ind1=" " ind2=" " tag="040"><subfield code="a">NPX</subfield><subfield code="b">eng</subfield><subfield code="c">NPX</subfield><subfield code="d">OCLCQ</subfield></datafield><datafield ind1=" " ind2=" " tag="042"><subfield code="a">msc</subfield></datafield><datafield ind1="0" ind2="4" tag="245"><subfield code="a">The Expositor, and people's advocate.</subfield></datafield><datafield ind1="1" ind2="3" tag="246"><subfield code="a">Expositor</subfield></datafield><datafield ind1=" " ind2=" " tag="260"><subfield code="a">Carlisle, Pa. :</subfield><subfield code="b">G. Fleming &amp; J.C. Hays,</subfield><subfield code="c">-1832.</subfield></datafield><datafield ind1=" " ind2=" " tag="300"><subfield code="a">v.</subfield></datafield><datafield ind1=" " ind2=" " tag="310"><subfield code="a">Weekly</subfield></datafield><datafield ind1="0" ind2=" " tag="362"><subfield code="a">-new ser., v. 1, no. 26 (July 16, 1832)= -whole no. 130.</subfield></datafield><datafield ind1=" " ind2=" " tag="500"><subfield code="a">"Democratic Anti-Masonic."</subfield></datafield><datafield ind1=" " ind2=" " tag="588"><subfield code="a">Description based on: New ser., v. 1, no. 2 (Jan. 30, 1832).</subfield></datafield><datafield ind1=" " ind2=" " tag="752"><subfield code="a">United States</subfield><subfield code="b">Pennsylvania</subfield><subfield code="c">Cumberland</subfield><subfield code="d">Carlisle.</subfield></datafield><datafield ind1="0" ind2="0" tag="780"><subfield code="t">Expositor (Carlisle, Pa.)</subfield><subfield code="w">(DLC)sn 86071293</subfield></datafield><datafield ind1="0" ind2="0" tag="785"><subfield code="t">Carlisle expositor and people's advocate</subfield><subfield code="w">(DLC)sn 86071294</subfield></datafield></record>